@book{blundell2010concepts,
  title={Concepts in Thermal Physics},
  author={Blundell, S.J. and Blundell, K.M.},
  isbn={9780199562091},
  lccn={2009517087},
  url={https://books.google.com.sg/books?id=T0luBAAAQBAJ},
  year={2010},
  publisher={OUP Oxford}
}

@book{schroeder2013introduction,
  title={An Introduction to Thermal Physics},
  author={Schroeder, D.V.},
  isbn={9781292026213},
  series={Always learning},
  url={https://books.google.com.sg/books?id=XjECngEACAAJ},
  year={2013},
  publisher={Pearson Education}
}
@book{chandler,
  added-at = {2008-07-25T23:13:48.000+0200},
  author = {Chandler, D.},
  biburl = {https://www.bibsonomy.org/bibtex/20b76edaadc1bac83932213edfcbcb615/magdusia},
  description = {phd},
  interhash = {feda94479ed961083912476ec4a5067e},
  intrahash = {0b76edaadc1bac83932213edfcbcb615},
  keywords = {mechanics statistical},
  owner = {magd},
  publisher = {Oxford University Press},
  timestamp = {2008-07-25T23:13:55.000+0200},
  title = {Introduction to Modern Statistical Mechanics},
  year = 1987
}
@book{mandl1971statistical,
  title={Statistical Physics},
  author={Mandl, F.},
  isbn={9780471566588},
  lccn={70147400},
  series={Manchester physics series},
  url={https://books.google.com.sg/books?id=jIEpAQAAMAAJ},
  year={1971},
  publisher={Wiley}
}